7082 5029
1102 578 2109 704 dienes . ne ne piis dere ce que nos
1111 699 2113 787 mere querez . Et prce ne uueil ie
1119 783 2100 871 mie prendre . ne receuor . ce que
1119 863 2104 947 lie ne connois bien . car ie neuou
1111 930 2142 1030 droie mie tenir la ruile deiie nort
1119 1022 2138 1118 nuisant. Encontre cez paroles res
1115 1110 2113 1202 p ondi toz li pue ples aune uoiz
1115 1190 2142 1278 et si dist . siax sire tunaus mienz
1111 1269 2117 1366 que nul autre: que nos comoiss ds
1115 1349 2159 1437 entoutes seintes vtuz ⁊si es duie
1119 1433 2130 1521 cite . pour ce te coient il que tu
1119 1512 2117 1596 soies nrẽ euesque . car si est .la
1127 1592 2121 1688 vellẽte de die . es li seinz ho
1123 1676 2151 1760 ne si assentoit en cor mie se que
1123 1755 2159 1848 dant si le que roient lusint li prl
1119 1835 2138 1940 ce dureigne . et emsint ẽ crioiẽ
1132 1931 2146 2028 tiut li clerc et liautres pue ple
1132 2019 2151 2095 et li ꝯmencie rent a dire lambec
1136 2095 2138 2187 ne nos pour loingne mie. nene
1136 2183 2125 2267 dememne paus long nement
1136 2254 2163 2359 car saches certemne ment. uoil
1144 2346 2155 2430 les ou ne uoilles serastu nostte
1148 2430 2155 2522 enesque . et si seras ure pastre de
1144 2514 2113 2602 lacite de tret ⁊gouuernerres .
1291 2598 2146 2686 ꝑ kavoin que li clergiez ⁊ tuit
1291 2677 2121 2774 la liautre pue ple rioient
1153 2753 2155 2862 einsi . fu la penssee duseĩt hõe
1148 2845 2151 2929 pa trei pee et sirecut leueschie
1157 2912 2167 3021 por lor volente si ꝯmesl le devi
1161 3000 2163 3097 serent. Einsi recut O. lamberz
1157 3084 2163 3176 l eveschie .par la grace de dieu
1153 3172 2171 3273 de lacite de tret . ⁊ puis que il fu
1157 3256 2159 3340 beneoiz et sacrez .l ꝯmenca
1157 3331 2155 3415 sa a cioistre lessemtes demires
1169 3411 2159 3499 d e pitie ril̃t durement ⁊si
1169 3490 2159 3587 fes oit chas cim ior osfrende
1169 3578 2159 3671 et sa cce fi ce anr͛e sei gnor
1165 3658 2188 3746 de son popre cors . nonmie deautͤ'
1174 3742 2180 3830 beste .ce est quil sa mes grissoit
1174 3830 2188 3977 par ieunes . ouil estoit asidii
3832 544 4784 699 ⁊t en griant mat auenore toiit
3836 687 4801 783 le resgne . et tant cout la dou lor
3832 771 4796 867 t la grant pestilence que li bone
3832 859 4796 951 roie y dres qui semi homes estoit
3828 938 4780 1026 aet fu ois . et lors ceut ⁊eii forca
3832 1018 4784 1114 luuue enuers. . lambert le
3819 1097 4796 1198 siriant nrẽ feig nor : itant ala
3824 1190 4805 1278 cressant . et sormont ant limau
3824 1269 4780 1362 quil fu dis posez ⁊gitez horc dele
3828 1345 4792 1441 veschie sanz a choisoi ⁊sanz deoitͤe
3819 1424 4801 1529 t ce fu granz deuls ⁊ grant fe lonie
3824 1508 4788 1621 que lirois fu amsi morz . et ocis.cõ
3824 1596 4775 1693 ieuos ai dit ⁊conre ⁊ li enesqͥs
3815 1676 4780 1776 qui prendome estoit: ⁊ seite chole
3815 1760 4767 1856 fu einfint chaciez . ⁊earez de son
3815 1839 4805 1944 eueschie . et la fe lonnie des mauness
3815 1927 4801 2032 ceur moitrl . et valut enꝯtre euls
3920 2011 4763 2107 ⁊  pies ce que seniz lamberz fu
3933 2099 4759 2195 remsir des pose z. phaamens
3819 2183 4742 2279 un manues hom qui de dieu ne
3811 2254 4780 2363 dissomz nauoit cure . fu es liz aenes
3815 2342 4767 2439 que en lacite detret . qui l donc estoit
3828 2426 4754 2527 demlt grant seingnoie . ⁊ si prist
3828 2501 4759 2623 lacure deleues chie ala ꝯpaie nie
3815 2585 4746 2707 dusiecle demener . nõmie pour
3815 2677 4729 2786 mener. cenc qui est oient a par
3807 2749 4775 2874 durabu gloire .ql fi lerres damer
3803 2828 4754 2950 ⁊ robeires de samte e g lise . q̃lhai
3811 2912 4754 3025 nostre soignoz . et toutes ses oeuiezs
3803 2992 4733 3109 lie on ques ne setorna en la uoie
3803 3071 4738 3180 de verite ne de droiture . honte
3798 3155 4759 3268 seroit dera conter et de dire lep
3803 3226 4763 3352 m auue ses poeuures ⁊ les boidis
3798 3310 4733 3436 qul fist en sauie . es sami lam
3798 3390 4754 3524 birz li bons champ ions .nie seignor
3794 3478 4742 3604 i  cast. lousi tout ce qanli fist
3790 3562 4725 3687 de bomere ment⁊pieument:⁊
3794 3646 4742 3771 qant il de guerpi le ceptre . deles
3803 3729 4717 3851 veschie .ql ꝯmanda ceus quii a
3803 3801 4721 3960 voit gar doi par grant ture.en
2327 523 3308 691 el ment .et detottes choles qau
2331 683 3329 783 s auoit qui estoient pleisanz a
2331 771 3308 863 nr͛e seigno . se travailloic il
2335 850 3308 951 p ar grief entencion de fere
2335 930 3329 1018 et gries chose seroit dera ꝯier
2339 1009 3316 1106 et de dire tontes les paroles
2343 1097 3325 1181 dont li seimz hoins a prist.et
2343 1177 3304 1265 en se migna. toutes les genz
2343 1248 3333 1353 et les oeuures . et les miraclg
2343 1332 3325 1437 que nre sires fist por lui em
2348 1416 2851 1521 plus ors leus ..
2549 1479 3371 1592 N i tre cez choses lunt laie
2540 1588 3320 1672 ionmee de sa semte juie
2356 1672 3350 1760 au rei hyldrich. qui en tel tent
2356 1751 3329 1848 estoit rois de france .. ⁊ sili fu
2352 1835 3341 1919 conte ⁊dit . que lamberz li
2356 1919 3362 2007 euesques de tret.⁊gouuer nenes
2360 2003 3350 2103 de leglise estoit si bien de nostre
2360 2091 3341 2183 d eignor quil fesoit pour liui .
2360 2170 3337 2263 meint baut nuracle ⁊ de cell
2360 2254 3333 2351 vint que li rois lennors mlt
2360 2325 3366 2434 durement .⁊ fu asamine de to
2356 2418 3358 2518 te chose . si ꝯue li seini hom estrit
2364 2506 3337 2606 p re mereins au conseill. li roit
2364 2585 3346 2677 qui ml̃t lamoit. ⁊ pli estorent
2373 2677 3346 2761 tuut li haut conseili donnez
2373 2757 3337 2841 et les hautes oeuures tret iees
2369 2837 3337 2921 O  l̃t estoit lirois preudom
2377 2912 3337 3004 et touz ses empires obeissoiẽt
2381 3000 3325 3097 auc ꝯmandemenz del seĩt hẽe
2377 3080 3320 3168 dementieres que li plus or
2385 3151 3337 3247 seruoient sinol entierc anmẽ
2390 3226 3333 3344 seignor ⁊ li pais estoit ẽ gͣnt
2390 3310 3333 3411 pet . ⁊ la contree li deables qͥ
2385 3390 3337 3507 est amonestierres de toz mar
2390 3478 3346 3578 et de toutes folo nmies es pan
2390 3562 3329 3666 di sonuenim en la terre desfe
2398 3637 3362 3750 lons . si es mut ten cons ⁊incller
2394 3717 3350 3826 et troubla la pes . de saime yol
2390 3796 3354 3993 e . et mist en grant doute
5014 557 6033 716 au non il firent la ue doisent
5019 704 6025 796 baupt esime . Et qui les rachete
5014 787 6021 888 de son preieux sanc . Et qant .il
5010 871 6029 972 senparti . touz li pueples . secom
5006 951 6042 1051 paingnoit de se de par tement
5006 1035 6021 1135 et li clergiez le ꝑloroit ⁊ cioiẽt
5006 1123 6008 1215 a hautevoiz ⁊si disoient .O. tu
5014 1202 6021 1303 bons prestres . qui touz tens ueil
5019 1282 5996 1378 loies . i qui nos conman des tu
5002 1366 6016 1462 a g arder . o.. tu semi prestres:
5006 1450 6000 1550 a qui nos de guer pis tu ente l
5006 1538 6012 1630 manere . et pur quoi de lesses
4993 1605 6012 1709 tu tõ be pue ple. ⁊ tonlergie
4989 1697 6000 1789 s i sople .ui ios desfen dra mes
4993 1776 6008 1873 en contre lisz amemis . Oni pͥe
4998 1856 6021 1982 ra mes nre seignor pour noo. Et
4989 1944 5983 2049 quu ost era mes ensus denos le c
4998 2032 6016 2116 pestil cu ces et les males aveutẽ
4985 2120 6012 2200 suc nert mes qui ensus denos les
4993 2195 5987 2296 mete . ne qui nos en desfen de..
4981 2275 6000 2376 eu estoies lestabilitez desfors et
4989 2367 5975 2464 lira pareillenienz desfoibles et
4981 2443 6016 2560 conse illiers des prures ⁊aidierres
4972 2531 5824 2623 des or fe lins ⁊ des uu cues. .
5123 2615 6012 2719 ors parla li sein peres ⁊si dist
5123 2703 5966 2807 Nen plorant . mibiau fterx .mi
4985 2778 5979 2879 b ian fili paire s ne uos de faudra
4977 2858 6000 2971 mie ue cure desalu . mes vne chese
4972 2941 5983 3042 nos ense ingne ie . que uos de ser
4972 3025 5996 3117 uou nostre seignor eni poour. Et
4968 3101 5979 3197 siuos es lesciez . et es ioissiez aliui
4964 3185 6004 3285 par cre mor . et par doutance . le
4964 3268 5970 3352 siez le mal ⁊ si fetes le bien .⁊
4964 3352 5979 3449 dont nos sie corra li forz aidierree
4951 3436 5970 3532 qui est verais pr ametierres .et
4951 3520 5966 3612 sis achiez bien que lirẽ sires ĩ u
4943 3604 5966 3700 criz qui beneoiz est par teiuz siecles
4947 3687 5954 3784 ne leramie ceus perir quilara
4943 3775 5937 3863 chetez par sa pasfioli . et qant il
4943 3851 5979 4060 tt  it vleuc de nmomu sese
6432 343 6591 494 1
