7086 5034
1094 499 2106 687 eniert loeos sei bencesqu le ape
1103 687 2110 776 et tout le pue ple .⁊si les seingna
1103 759 2135 851 de la senite coiz nrẽsoignor i hrt
1103 839 2106 948 et qant illesot besiez douce m̃t
1103 927 2106 1019 s isen parrti a pou de compaignie
1103 1006 2101 1107 e si ala taut quil vint aune
1107 1094 2118 1182 abaie con souloit qlamer al en
1107 1174 2106 1266 arriere estabi lanc que lendit
1107 1254 2122 1350 ores aseint romacle. ⁊ la sarest a
1115 1338 2143 1430 li semz honm a llecques preu demei
1103 1422 2118 1510 qui donc iunoient desoz laruile
1103 1497 2118 1598 de de ce plme . en habit demones
1099 1581 2143 1678 et lali doma nre sires dex sigͣnt
1103 1665 2114 1757 frace . qu e trestuit lamoient ⁊
1111 1749 2135 1837 li ancien home dela meson . len
1115 1837 2152 1929 noroient . si conme leur ch' leignce
1115 1921 2122 2009 et leurpere .⁊ il se ruoit nrẽ
1111 2001 2127 2101 ignor derout son pooir :⁊ de tote
1120 2089 2143 2177 a force . carl ne vouloit aautrui
1111 2168 2114 2256 plete . que a lui qui teinꝑles
1120 2252 2127 2345 il estoit . et touz tens estoit e
1124 2336 2114 2424 or oisons . et om prieres . e nuers
1120 2416 2139 2508 damedieu ilko crist . ne nus nest
1124 2496 2122 2584 qui peust dire .ne desrire . les
1124 2584 2127 2684 granz biens qui enli estoient
1124 2663 2135 2764 E bien poit len oir⁊ entẽ
1124 2756 2110 2840 Dre . que nre sires re ceuoit
1128 2831 2118 2923 engre . ce auil seirauailloit
1136 2907 2164 2995 pour lui en ses oe uures . Et por
1128 2986 2139 3074 ce conteraije .i perit dice que
1136 3066 2135 3154 ure sires demostra. pour lui d
1136 3146 2089 3242 celleu ouil estoit a donques .
1267 3234 2135 3326 R̃ auint que li soinz hom
1275 3314 2122 3406 ise: estoit alez une nuit en
1136 3397 2164 3494 dortoir re pser . ⁊ dormir. aue
1124 3490 2139 3578 ques ses freiri. et qant tuit fu
1136 3565 2148 3662 rent couchie ⁊ en dormi .l sele
1136 3653 2143 3750 va tout coiement de son lit
1136 3741 2164 3834 p rce quil uost fere au seign
1128 3817 2156 3943 soroison . et fes prieres . Et qant
3817 528 4765 692 tresqaia souieremue maiet
3813 675 4774 771 Et si ꝯ meil chantoit par jueraie
3821 755 4770 855 pensee . et diloit de bouche cest
3834 839 4270 935 vers del sautierql adouem
3826 927 4782 1015 aa. et aparebs orte fauem
3821 998 4816 1103 tiiain domne qili coe chamerẽt
3817 1086 4774 1187 et li ftere se le uerent pur
3813 1174 4765 1254 manter. leur amsttmes . si cõ
3813 1254 4778 1346 me il auoient a coustume . et
3805 1338 4753 1430 qqant li offites fu par fez
3805 1422 4753 1501 n eissirent tuit ducuerz sia lu
3805 1506 4778 1602 merent le feu . et si se chau fferẽt
3813 1594 4757 1686 pur lagrant. foi dure si co
3809 1678 4753 1766 il estoient entour lefeu et il
3809 1757 4757 1849 re gardoient. enuiron euls.si
3805 1837 4753 1933 me il venoit . li afles vit
3809 1917 4740 2017 que saimi lamberz i failloit
3809 2001 4770 2101 ⁊ quil niestoit mie . lors con
3813 2089 4765 2189 manda ia touz ceus qui la es
3801 2173 4791 2277 toient.du li seiuz prestres es
3796 2256 4749 2357 toit . et li frere res pondirent
3801 2345 4774 2445 que e estoit il qui auoit este
3801 2428 4719 2517 iuchiez pour aler ala croiz . .
3985 2504 4761 2605 vant li abbes oi ce . si ꝯmen
3960 2588 4736 2697 vca a loupirer ec ot grant
3801 2668 4732 2772 prour. i ilpres par la er disti
3796 2747 4749 2852 he.maleureus congrant des
3796 2831 4736 2940 verie ma pris . Come grant
3792 2915 4732 3016 desuerie est de damꝑ ner celie
3792 2991 4732 3091 qui nestoit nuis anz anule rien
3788 3066 4724 3171 et denuoier le seint presice la
3792 3142 4740 3242 fors a us froi dures . des mesurees
3792 3213 4728 3330 Ce disoit il tout emplorant .ẽt
3788 3297 4736 3406 apres par la a ceus qui entour
3792 3376 4732 3498 lui estoient . et si leur dist Oi
3792 3460 4732 3582 biaifrere ie uos pri . qu e il aloiz
3784 3532 4744 3670 i snelement . si proiez nee bon
3784 3624 4724 3750 pere humblement . quil uiegne
3775 3708 4744 3830 anos sanz atar iance . Et cil qui
3771 3788 4724 3964 e hasterent de fere ce qꝯmainsde
5000 515 5999 683 ieur estoit.⁊rouuorent le qeinm
5000 662 6041 771 p restor en firi dure et en nuesce
4992 755 6011 859 et si looir niz se ignoz ml̃t dooice
4996 843 5986 1006 meit et sidisoress ꝑme
5021 931 5995 1023 hamiliarss dia no despiues e
5021 1015 5995 1111 herione. aoimum nostre. seru
5009 1094 6024 1224 aiiis aaas nt cdientenmur nuur..
5009 1182 5999 1283 ahorisaleil ndi omans daant
5013 1271 6011 1342 d onor on s os haicn eha
4967 1308 6016 1451 ha prelce que lis eini confesor nte
4992 1430 6016 1526 seignor . qui estoit a cept lbles sa cre
4992 1514 6011 1619 s ces del seint es perit uoloit . suui
4992 1602 5999 1694 les uers del sautier a pres . li frere
4992 1686 6003 1778 vindront qui a li estoient ẽuoie
4984 1757 5991 1870 et si li re quistrent pardon. por
4975 1845 6020 1967 touz les autres .⁊ a prl linoncie
4979 1929 5902 2034 ent de parla be ⁊ distrent
5147 2017 5986 2118 mli ax tres douz peres li abbes
5147 2105 6016 2210 Mu os mande . que noc lieigniez
4975 2189 5991 2290 tost a liu. et aus autres fteres .Jl
4984 2273 6020 2374 ne des pist pat nr des deingnsi lor
4975 2353 5995 2454 paroles emz se hlsta ml̃t tost dai
4975 2445 5978 2533 alamesdn ou la ꝯ paignie estoit
4975 2542 5982 2613 toure a semblee .sio fnu n le
4979 2609 6003 2697 meson entra .et sa fa te lirecpls
4971 2688 5986 2781 dissoit deml̃t grin qarce . li
4967 2768 5982 2860 abet et tuit li frrre li chairent
4963 2856 5986 2953 aut piez sanz demeuance. ⁊ a prep
4967 2936 5982 3028 si par lerent en tel maniereet
4963 3016 5970 3108 distrent .  ian pore pardoune
4958 3095 5961 3184 a tesfrẽs leur gianz foliee. de
4954 3167 6020 3284 ce que il ton for fit cc bli saches
4954 3255 5982 3343 que nos somes ml̃t doleire.de
4958 3330 5974 3423 ce ꝯue nos auons fblemenr oil͛
4954 3410 5965 3511 encomte roi . a ies rieri ve ceus
4950 3502 5953 3590 qui la tere quiereur . i sei ho
4954 3582 5953 3679 res pondi et silenr dist .e dites
4958 3666 5974 3762 biauseig nor michier fcere.mes
4950 3750 5944 3846 leuez isnelement  . er siies pri
4946 3838 5940 3976 que nos mefetez par son demet
2328 478 3347 687 il et pitee liume dies dares soi
2328 675 3322 767 tre li eschapa de samein .⁊sifri
2332 759 3301 847 q i durement sor le pauement
2332 839 3310 927 que ele esveilla seffreres qui en
2332 918 3305 1015 tor lui estoient . O ant ce oi li
2324 998 3293 1099 albes qui es veilliez se n estoit
2320 1078 3322 1187 ql ne set que te fu si par la ⁊ dist
2341 1170 3301 1262 C  il qui fu si hardii . ⁊ sneglig͛z
2336 1258 3331 1346 que rl uos es ueilla . voist isnel
2345 1338 3305 1426 lement deuant la croii.si co
2345 1417 3310 1501 me il est nostre coustume. et si
2349 1497 3301 1589 plaigne et oste ensus de lui
2349 1581 3305 1673 ꝑ obedience . les mestez quil a
2345 1665 3326 1757 fez par n e gligence .Osant ce
2336 1740 3318 1845 qi .. lamberz li be neoiz p͛sties
2341 1829 3301 1925 qui souffrauz estoit en tout e
2345 1908 3343 2009 mau iere .⁊ fers enueraie arle
2345 1996 3310 2097 et liez par bon corage ql a eipli
2345 2093 3314 2181 et fist . volentiers leꝯmande
2345 2173 3318 2265 ment la be . ⁊ sia la deuant a
2345 2261 3305 2340 crou iusi de bonnerement . et
2345 2332 3314 2428 sanz rancune ꝯ fet li aigmar
2349 2412 3305 2508 qant len le mene ocirre . ẽt
2349 2483 3310 2584 sinen porta auec lui nule chose
2353 2575 3310 2672 pur la garent ie dei a firoiẽe
2353 2663 3335 2756 fors que une seule de ses noitg
2362 2743 3314 2844 v esteures que il auoit vestue
2349 2814 3322 2923 ct si estoit cele nuit ml̃t froidez
2357 2911 3318 3003 car il auoit durement gele
2357 2991 3310 3074 e legie mes la flambe del
2353 3049 3331 3163 seimt ei perit estoit si es pus
2357 3137 3310 3251 de denz le .̃. home quil ne
2357 3213 3318 3335 se ntoit neent de la froi dure
2353 3301 3293 3410 si conie il estoit de u ant
2362 3381 3297 3498 lasainte coiz . l paul tanm
2357 3460 3301 3569 et demanda laide. de la .Si
2357 3553 3343 3653 triite . qui est vns sauuares
2357 3632 3310 3746 que li cieus . si connos creous
2357 3716 3318 3830 ou uri . a ses seintes prieres⁊
2357 3796 3289 3968 aseunt e oroisoii.par uint
6435 205 6565 469 1
