7091 5051
2362 530 3377 681 iil leaioit di soruir nc'e res
2374 669 3343 757 entoutes maieres qanqqiil po
2366 740 3334 837 oit  ⁊ estoit verais preslres et
2370 829 3360 926 oftende receue . en lodeur dedouor
2370 909 3334 997 a nr͛e feignor ik cist . fnsinr
2370 993 3339 1085 s e travailloit il en cest mont
2370 1077 3351 1165 pour auoir eul autce uie par
2370 1153 3343 1258 durable .q̃l estoit degitez dela ꝯ
2383 1245 3351 1338 paignie aus mauves homes.
2387 1321 3356 1426 pour a querre la ce lestiel com
2387 1401 3351 1506 paingnie .l sest oit mis fors
2379 1490 3356 1582 dela compaigiue ⁊ de la cure.
2383 1574 3356 1683 douimonde. pour auoir les par
2379 1658 2930 1746 durables loies ..
2555 1738 3368 1835 N l tretant que .q. lamberz
2534 1826 3364 1915 ai demenoit  enrre ses bõs frẽs
2391 1906 3381 1999 si semtevie . li chetis . ⁊ li malen
2387 1995 3364 2083 reus gouuernerres. de la cite
2391 2066 3381 2180 de tret faranons . qui fuili estot
2387 2159 3356 2260 au de able.qui faussement es toit
2408 2243 3351 2340 prestres a peloz . ⁊ a droit fu nõ
2408 2331 3368 2428 mez angres de teniebres . fu fort
2400 2420 3356 2512 mis de la chaiere ⁊ chatiez deiot
2408 2496 3356 2580 leues chie par sa courpe . ⁊ par
2404 2571 3364 2668 ses mesfiz . et par sec outr ages
2404 2651 3377 2769 et . vii. anz ifu euesques par nõ
2400 2740 3377 2845 tant seul ement . Car onque
2412 2824 3364 2912 par oeuures ne par bñs fez
2412 2908 3356 2996 ni proufita i le rien . ⁊ a roi
2412 2984 3356 3081 dioit le chacierent li peodome
2421 3055 3372 3148 de la terre et de la coirtiee car
2421 3131 3351 3236 u estoit con traires a perterm̄t
2433 3207 3406 3325 aure seienor ⁊ atoutes ses oeuris
2433 3295 3368 3392 Q ant li pue ples en fi. dli
2429 3371 3372 3472 ures .ꝯ m encierent a en q̃re
2425 3455 3368 3573 et a engingn iei .. conmen il
2425 3544 3368 3653 peussent rauoir a euesque. L
2433 3624 3381 3729 lambert leur pere . En cel tens
2425 3716 3364 3821 tenoit pepins le roiaume . qi
2429 3784 3364 3956 mlt. estoit hardiz:⁊ pecail.aut
3785 530 4779 686 ar ios et amlt amoit st emore
3785 669 4770 770 du tout entout dieu .⁊ Sainte .p
3772 749 4787 858 gli se . Qant cil pe pims oi parler
3785 846 4775 938 desemt lambeit .⁊de ses saintes
3777 926 4741 1010 oeuures . ⁊ coniont il a liort
3777 997 4732 1094 este fors iiis . ⁊chaciez a grant
3781 1085 4754 1178 tort deleueschie . ⁊ dela seingno
3781 1165 4745 1271 rie .ql em ioi a alui messaers.⁊
3785 1250 4737 1342 silinmanda. quii ue nist a liu p'
3785 1334 4737 1422 re coiure la digne te de loug
3768 1410 4754 1548 cie.Et del alenie norie si ꝯimeil
3768 1490 4446 1591 a uoit de uant tenue ..
3894 1574 4724 1662 saut li mesage que lirois
3916 1666 4711 1772 giauoit enuoie . furent a .E
3785 1763 4741 1852 lambert venu .Jla ꝑ lereut en
3777 1839 4737 1940 ceste mauiere et si dastreut .Senz
3777 1919 4775 2033 peres lirou te prie . ⁊ toz li pueple
3777 1995 4732 2108 le desirre que tu isses de ceste a
3781 2079 4741 2201 baie. et sire coives le fout quetu
3768 2171 4728 2289 s longuement deg uetpi . ẽt si
3768 2251 4716 2357 par fai lueure nostre se ignor . q̃
3772 2340 4737 2437 til auoies cou enciee.. lois res
3772 2420 4762 2517 pondi li semz houi tout oni ploeãt
3772 2496 4720 2597 en ceste mauiere aus mes lgiert
3760 2576 4749 2681 e gouuer nai le ueschie . et le pue
3768 2664 4724 2773 ple. nou mie si bie n con ie de usse
3768 2748 4716 2858 luure . me sui mie coiu enables
3768 2828 4711 2946 ne digne que ie plus le doie gou
3768 2912 4707 3013 nor . Et qui anullui ne puit
3768 2980 4720 3097 profiter qr e touuoite pl⁹ aaucir
3768 3060 4711 3173 la baullie ne la se mgnoue . lois
3760 3140 4707 3249 res pondirent li message au .O'.
3768 3215 4695 3333 bome . ⁊ si distrent . siar sires
3760 3283 4711 3413 qui es soinz boi .⁊ preu dom si'l'
3760 3375 4703 3493 de puons par la charite de dieu
3756 3459 4699 3573 et site comur ons. par lamour de
3751 3535 4716 3661 tonprois me . que tut en uiegnec
3751 3619 4732 3750 auec nos . ⁊ si pren ⁊ re cois . benig
3751 3699 4711 3830 nement leglise et le pue ple de tret
3751 3792 4699 3952 fouuerner.aitisi conti sorslcies
4985 559 6017 702 lors res pondoi o lambert ⁊li dist
4972 686 5996 782 m ibiau frere ie ne ole re fuserz .
4977 770 5991 867 ce quenos medites . et sine doimie
4977 854 5991 951 despire le ꝯm ance ment le roi
4977 938 6004 1043 et auec tout ce le couuoite ml̃t
4968 1010 5979 1119 a le courre.⁊aidier.a li besomg.
4977 1107 5975 1199 d mes peois mes . et pr ce lraiie
4972 1186 5996 1296 a uec uos . ⁊si coni aniere a fere
4968 1266 5966 1359 ce que nos me ꝯmande rez . car
4964 1342 5987 1443 ure sires dex est poissanz del p fe
4960 1426 5962 1544 et dumener tresqua ou tre f'm
4947 1519 5368 1612 courte fin ..
5124 1595 5991 1700 rs se de par ti dela mes si
5137 1683 5987 1797 N rec saiiz lamberz li beneou
4960 1763 5983 1885 con fessori . si senreuint atret en
4956 1852 5996 1965 son popre siege . Et qui est si sage
4951 1944 5966 2045 quu peust a prendre par esaritẽ
4956 2024 5970 2125 ne dire .la grant joie que li
4951 2104 5970 2209 pue ples fist .Oant il fu etrez
4951 2192 5966 2289 en la ate. ⁊ uenui . li anges del
4943 2272 5962 2365 ciel sen es leescoient. ⁊siren doiẽt
4943 2357 5966 2453 granz loenges aure seigneur la
4939 2487 5962 2559 L  rs tn e e seee
4935 2525 5937 2630 graces alon criatorz . ⁊toi li puez
4943 2613 5924 2710 ples poures et riches . ⁊ liroie
4943 2702 5941 2807 meismes qui pepms es toit ape
4943 2773 5933 2887 lez. rendoient graces anre seig
4939 2858 5941 2971 nor .⁊ loenges et si disoit ⁊ẽ
4939 2942 5903 3039 dons graces adieii. qui nos a
4943 3017 5937 3114 visi tez . car rẽ sires nos a rẽ
4926 3097 5924 3207 d noste pere . ⁊ nostre pastre
4926 3177 5899 3270 qui touz tens ueille .pur lio s
4926 3257 5941 3337 garder .i desfendre a tieruou
4926 3333 5933 3451 ⁊ atiex paroles . fiuuil rassi enla
4914 3417 5907 3510 chaiere . conuos oez . Et qant il
4918 3493 5933 3607 fu esleuei ⁊ e ssau cez deleu eschie
4914 3577 5920 3683 et dela semenceie .Jl comnencil .
4918 3670 5924 3767 a res plendir . de sisemtes denures. ꝯ
4922 3762 5899 3842 meil couuenoit a lui .qui estoit
4909 3838 5916 3956 euesques.ꝑar la uolente de dieu
1174 551 2164 686 for sez ⁊ des miens ouslt ages . os
1179 669 2155 774 nauez fet nule rien enuers moi
1179 745 2181 841 d coi uos doiez querre pardoune
1183 837 2181 938 fere amendance . Et lors les lena
1179 921 2164 1018 touz contre:nout. et si leur dist
1179 997 2160 1081 mlt hetieeient. siau stere ie
1174 1064 2176 1182 os pri que nos ne uos troubloiu
1174 1157 2189 1266 plus longuement . car la froi de
1174 1258 2185 1338 ne mafet nule greuance . car cil
1174 1330 2176 1422 m agueri qui est garte ⁊ desfe
1170 1414 2198 1506 dierres demauie.. et qui megarde
1174 1498 2185 1591 en touz mec be soimz . et entoutes
1174 1578 2181 1679 mes tribul ations .Et por ce ios
1183 1649 2202 1772 prlge que mos enrandoz graces
1179 1755 2193 1847 aaliui .⁊ que vos beneisson son sem
1183 1835 2189 1932 isme ion . hors tendi li seinz dẽ
1183 1915 2198 2007 s es piies meins enuers le ciei . si
1187 1995 2202 2087 benei la companguie de sesfreres
1174 2087 2210 2184 ⁊ sidit . soiax sires diex peres tet
1183 2171 2206 2268 poissant qui gouuernes leciel ẽt
1187 2260 2198 2348 l a tevre ⁊ lamer Jete pri queru
1187 2331 2202 2424 be neesquisses ices tiens sers qui sr
1187 2420 2189 2512 a ssemble ⁊ par tesseintes vtuz
1191 2512 2189 2592 lesgar de ⁊ desfent des a gaiz aude
1191 2584 2193 2677 A ble et siles con ferme enveraie
1179 2664 2202 2765 harite.. tres quatant qui teuoẽt
1187 2761 2198 2845 el reigne descicla . que tu quisires
1191 2836 2198 2929 es ⁊ diex leur ⁊onras Et lors
1195 2921 2210 3005 res pondirent tuit amen . ⁊si con
1204 3001 2210 3081 nurent . ⁊ uel ⁊ meie . que it'
1200 3072 2206 3156 s ires a voit essaucie .. lamberr
1204 3148 2206 3232 demeinz biax don .par ses de sei
1204 3224 2214 3325 tes . l pies ce li ftere qui voloicr͛
1204 3308 2206 3405 partir aui oeuures de charite..
1204 3379 2223 3476 firent a .o. pere unbaing apeilr
1204 3472 2227 3569 et sile ve sirnt de blanches veste
1195 3552 2214 3645 ures . ⁊denetres . Einsi f li semi
1212 3645 2219 3737 hom honorez a prcs lobedience .
1208 3729 2223 3817 er es le uez atontes honors de qa
1204 3809 2240 3977 ie si ftere lisoient frre i meit
6417 357 6505 488 1
