7108 5047
1101 571 2132 706 nconaier estoit neciez ⁊ueraie
1114 677 2140 794 lois assise . Ensa bouche estoit ue
1122 757 2140 870 rite ⁊ biautez sanz femtise . Et
1122 845 2123 942 de toirtes autres vertui. dont nur
1122 916 2128 1026 senzz hom ne puer estre ne toir a
1122 1013 2132 1114 ornez . ostoit il garnii ⁊ pleins .
1122 1089 2123 1194 tres sen fance . Et sachig bien
1122 1169 2153 1274 que ii ne vestoit mie precieuser
1131 1244 2161 1350 vesteures eimi auoit v estu une
1110 1341 2161 1434 gome aiamaniere de mome .lpẽ
1122 1425 2136 1522 s oit ⁊ estu dioit dumelier le cors
1122 1509 2153 1598 touz tens . en terre . por ce quil de
1127 1585 2136 1682 feruist que lame fust essaucie e .
1131 1657 2136 1762 en pardurable gloire .l a lott
1131 1749 2149 1854 par les viles et par les chastiar
1144 1833 2136 1943 qui ꝯmande li estoient de par
1139 1917 2166 2027 nre seignor prr ce quil trouast
1148 2006 2170 2115 lesgenz que il feist . parconier
1139 2094 2157 2195 d el pardurable heritige desient
1152 2178 2149 2287 par ses saint ismes paroles . et
1144 2254 2153 2367 por ce que il fesoit uolentiers.
1152 2334 2161 2447 cez deuures . ⁊ auoit gͣnt uolẽte
1156 2430 2145 2527 des homes ⁊  esfames amener
1152 2502 2161 2616 alaiuoie de sa lii. sen ala cl tant
1160 2590 2178 2695 pr eeschant . et sar momant et
1160 2674 2174 2784 essaicant le nr̃e sergnor il̃ꝑcst
1160 2763 2157 2864 que ii entra ente ꝑandee .qi a dõc
1165 2834 2170 2948 estoit habitee de paiens . Et gei
1169 2923 2153 3032 qui les fauises ydoles a oroient
1169 3011 2178 3091 ⁊ qant ili fu uenui . et illi omen
1173 3082 2170 3179 a la seinte loi aanoncier ⁊ i
1173 3150 2203 3255 dire. li paien dicele contree sasemi
1177 3238 2187 3326 blerent ensemble.⁊siuoloient ce
1177 3314 2187 3419 li qui lor pr eeschoit ⁊ anõcoit
1181 3398 2178 3499 lauerite . prendre ⁊ fere morir
1177 3469 2195 3583 par gries tornieir ⁊par ciuo le mͣt
1173 3562 2191 3663 s ꝯ me il freussoient . et se des
1186 3650 2199 3751 voient par les de ables quil auoi
1173 3722 2212 3835 ent el corcs . semz lamberz li bõt
1194 3818 2199 3961 amis m͛e seieioz fu touz feurs
2334 525 3322 681 cani nile pour.si les airienia
2346 668 2948 752 en cese mauiere..
2502 731 3335 832 n vos home qui estes enten
2515 815 3339 933 i a dable . qui auez sen ⁊ re son
2346 912 3322 1005 e uos pri que uos mentende i
2351 988 3331 1076 ⁊ oez vn pou . et ce que ie uoi .
2355 1068 3326 1160 duili . que uos len fi chiez enure
2351 1152 3339 1253 corage . et retenez .a donc ꝯmẽ
2355 1232 3314 1324 a li seinz honi acels quua
2355 1303 3331 1413 estoient touz les poinz de la ce ace
2355 1400 3322 1493 amoustcer. ⁊ a dire ⁊ comment
2359 1476 3318 1577 urẽ sires dex enuoia son fill en
2355 1560 3339 1652 terre prendie char humeimue. en
2367 1652 3335 1749 la uinge pour ra cheter tout le
2367 1728 3352 1829 mdnde . des pemes den fer.Qãt
2367 1816 3339 1905 illeur. ot toutes cez choses er
2363 1905 3347 1993 toute la some dela ueraie cre aãce
2376 1980 3360 2073 mostree . et coutee . ⁊dite . siꝯme
2384 2069 3339 2178 bous clers . ⁊ seinz hoin . cil qui
2376 2166 3339 2258 estoleut deuant lui plus pres .⁊
2388 2237 3343 2334 li haut home ⁊ lihaut clere
2380 2321 3335 2426 se conuertirent alaseinte foi
2384 2397 3335 2498 lois fist li seimz hom toutes les
2380 2481 3335 2586 vdoles grter fors dut emple .⁊
2384 2565 3360 2683 si bauptisa le pue ple . a pies as
2380 2653 3347 2759 fere beles egli ses . ⁊si oe dena cll
2388 2733 3347 2843 et prestres .⁊aton a toure ll
2393 2830 3352 2918 contree aii ferui se nir soiglor
2397 2897 3385 3007 pardurableme nt pement ierss
2393 2977 3389 3074 que li seiz honi se penoit dessau
2388 3061 3373 3158 cier . ⁊ d a goiste la loi damedou
2393 3141 3343 3238 dui frere estoient en la ꝯ tree
2401 3209 3381 3326 cruel ⁊ felou vont liundes
2405 3284 3360 3394 oit apelez Gallus . ⁊ li autres
2405 3364 3356 3478 iol dus cu se pristrent ais
2405 3444 3360 3549 ser i anz saint lam bert . si les
2422 3524 3364 3638 batireir . et lai dengierent ꝑ
2418 3604 3360 3730 plusors foiz . Et com plus lis p
2405 3688 3364 3814 oit le seimt enesqui . par beles
2418 3772 3385 3974 ppoierrs.et les puooit .⁊ bluuures
3848 487 4815 672 ia sdie diee aire il cuacnt. ee q
3861 656 4832 748 mes ne le feissent detant estoiẽ
3852 731 4853 832 al plus egre enmal ice . Et fesoigt
3848 824 4815 916 aclert ⁊si pr estces . ⁊ atouz or
3848 895 4811 1000 dencz de Õ. eglise assez houte
3848 984 4588 1085 ⁊ en nuiz . et oit ira ges ..
4004 1064 4798 1152 ant ceuirent li seriant
4008 1135 4798 1244 le u esque . tt si cousm qui
3844 1211 4824 1324 estoient de haure linguu. ⁊richo
3844 1312 4798 1404 dauoir .l firent ml't dolent
3844 1396 4811 1488 decele oeuure . Et li peistrent
3840 1480 4807 1577 confrill en semble . Oueil e nsi
3840 1564 4811 1657 luroient taut ceus que ill es ot
3840 1644 4828 1741 arroient . sainz le sen de leuesqne
3835 1728 4798 1825 se a poient . Et que plus .ll es
3844 1808 4845 1913 sui nirent tant. quil sentre peis
3840 1896 4819 1997 itent abataille . unior Et tant
3840 1976 4807 2081 se comba tirent que li dui frere
3840 2065 4803 2166 i furent ocis . Oui si estoient
3844 2149 4824 2250 plein de grant malice .  pies
3840 2237 4807 2334 Ce quil furent mort. ⁊ de ables
3844 2317 4803 2409 orent les ames deuls enen fer
3848 2401 4798 2498 portees . ot duedes limaleurent
3848 2481 4803 2586 qui leur cousins germeins estoit
3852 2557 4798 2666 recut a pres euls leritage .
3844 2637 4803 2763 de leur granz fe lonnies . Cil fu
3835 2725 4790 2847 ploĩt de grant or goill ⁊sanz co'
3831 2809 4807 2927 seill ⁊ sanz mesure . ⁊ roides ⁊ har
3827 2893 4803 2998 diz a armes . Cil ꝯmenca a pour
3844 2973 4807 3087 ouser et agueier eirroutes oeu
3840 3049 4782 3150 lures pour lamort de ses cou sins .
3840 3120 4790 3234 lamort monseigno: O. lambert
3840 3192 4807 3314 le nesque . Et porce prist il cõ pait
3840 3276 4803 3398 nons auec li har dii ⁊ fe lons Et
3835 3352 4782 3474 forz enbat aille . si sen ala aislie
3823 3431 4782 3553 ge . ou lisemi hom se ior noit a dõ
3827 3516 4777 3633 ques par auenture . li seinz is
3844 3595 4777 3713 vesques . qui tele runt deuoit
3827 3671 4773 3793 recouire martir e . lessa ses cõ
3823 3768 4782 3936 ru enois. eu iueson.sisen ala
5051 513 6060 685 touz deule fere ces oioit ous .sia
5051 668 6069 765 me il estoit acoust ume c⁊ la fuil
5051 752 6064 849 tant quil comnenxil aaioener
5055 828 6056 933 lors se nrepairl aset clers . si lez
5042 916 6039 1009 es veilla . por ce quilli ai dassent
5038 996 6031 1097 a chanter ses matmes Et qãt
5042 1080 6035 1177 illes orent chancees et dites
5038 1160 6022 1253 il̃t religieuse mont . purco
5034 1240 6077 1337 quil estoit ..i. pou alassez de genuer
5034 1324 6035 1425 er de veillier ⁊dorer . le faront li
5034 1404 6043 1518 cerc aling serir vmlit pour a
5038 1488 6043 1594 voir .i. pou derepos . es por ieent
5042 1572 6031 1673 queist de son trauaill ale iance
5030 1657 6052 1762 car en cel lit na uoit point demo
5030 1741 6039 1863 lesce . aoeus son cors . car il amai
5026 1829 6022 1938 grissoit par iorz sanz espargne
5026 1917 6022 2035 nient ⁊ par iuit sanz de pocte
5021 1997 5278 2090 ment.
5190 2081 6060 2187 A core nestoit il mie endor
5190 2170 6048 2283 oz miz Eimz sere psoit beneu
5026 2258 6043 2355 reusement . qant .i. des serianz
5021 2338 6018 2430 issi de lameson . quiit ve mi .
5026 2422 6031 2515 duedon tout arme . ⁊ auec lui
5021 2561 6043 2607 fte  l ss    us e
5017 2590 6031 2683 ot re gardez . il senre pairl dedeẽz
5030 2670 6043 2771 lameson et sin onc a ⁊ dist ce quil
5026 2763 6018 2855 auoit veu a ses .ii . ꝯpaignone .
5009 2838 6014 2944 q ant cil loirent . si furent tiut
5005 2918 6010 3019 es bahi. n enesorent que fere . sr
5009 3002 6014 3099 ail noserent es ueillier ne fere le u
5021 3082 6031 3183 leues que Emsint furent tuit coi
5009 3171 5997 3255 que leur anemu qui uenoient
5009 3242 6014 3343 aa prouchoient la meson .Or ie
5021 3318 6018 3423 voil ge tres passer adire . ce que
5013 3402 6018 3482 nre sires de mostra auc g en. qui
5013 3478 6014 3574 venoient derrie res la ꝯpaignie
5005 3562 6001 3654 qui i estoit . Il irent tout plome
5005 3638 5989 3726 ment . dese ure lameson leu esque
5005 3717 6014 3810 le signe d la sointe croiz nrẽ seĩg
5000 3806 5997 3953 nor resplendir . ⁊le nest nis qi
6464 332 6586 508 1
