7089 5039
1154 482 2125 650 poist. dir la grant clarte. ne la
1146 646 2171 726 grant biaute dom ele estoit aoie
1138 718 2162 814 e . Et cel signe vost nre sires dimos
1150 806 2146 898 trer aus mortiex geuz. por ce que
1159 886 2141 974 le n seust . que li seimz euesqu es
1154 957 2146 1053 estoit veraiement ra chetez del
1154 1045 2150 1133 sanc iire feignor ih ist t ãt
1150 1129 2116 1213 due des .qui estoit plems de ꝯit
1154 1209 2137 1293 malice . fu uenuz dedenz la ui le.
1150 1284 2175 1385 il ⁊ si com paignou Comie ncieit
1146 1373 2162 1465 a que rre dune part ⁊dautre le
1146 1461 2171 1549 seint enesque . ẽant quil vinditt
1146 1536 2154 1629 ala meson ouil estoit . Et lors cou
1142 1625 2167 1721 me ncierent li des ue con pai guõ
1142 1709 2146 1805 a brisier les huis .⁊ les portes .si
1150 1788 2158 1885 entrerent de denz la court . mlt
1150 1877 2179 1965 cruieusement . aus int. con li lens
1150 1956 2154 2053 entre les berbiz . Et tantest ses
1154 2049 2158 2141 veill a messires .s. lamberz por la
1154 2133 2167 2221 noise des armes . Et qant il fu leuez
1150 2212 2154 2301 de sonlit . il prist ensamem une
1154 2296 2158 2380 es pei . sise pensa quil lroit en con
1154 2372 2141 2469 tre ses aimemis . Et qant il ot
1154 2464 2158 2561 ce pensse . ql saresta ⁊ mira sonco
1154 2553 2162 2645 rage . enml̃t pou deure . lors gita
1154 2641 2158 2737 les poe a terre . et si dist par ierai
1146 2729 1314 2813 caier qie poe d limiis meis
1163 2796 2158 2901 deus mo etal aasurgemiduanime
1159 2884 2158 2981 li beiains dm uenue mmuuirl
1154 2964 2158 3052 mea. negue pe ui meunsest
1171 3035 2162 3128 pro ur cu isuris int ad
1167 3107 2167 3224 neriun ame frrt ⁊aui.nm.erce
1159 3191 2108 3283 la duotne . port atiũ. qi sieruni
1154 3266 2171 3371 aime inesauam e prn
1154 3359 2158 3439 susapiaa nn pace qes misernors ct
1154 3430 1549 3518 ims ator dne ꝯsi ꝯme .s. lamberz .
1159 3518 2175 3607 disoit cez choses em plorant ⁊ cez
1163 3602 2188 3682 vers del sautier. si ememi fremissei
1154 3678 2188 3775 ent de lors ⁊ si fichoient lor lances
1163 3770 2162 3976 e arriz de laneten gire ait i
2372 533 3326 650 essaoient seille porroient tres per:
2376 642 3342 726 ne derompre. mes dui sien neucu
2372 713 3330 802 d ont liuns dont liuns avoit nẽ
2376 793 3326 886 pierres .et li autres au doletut el
2381 877 3334 970 roient viguereuse ment enꝯire
2381 961 3359 1045 leur ancmis . ui dentrer en loi
2381 1045 3326 1133 mesou se hastoient. ⁊ seen eso.
2376 1125 3355 1213 oient . Et lis eimi hom par la ac
2376 1200 3338 1284 la ouil se dest endoient bien et
2376 1284 3351 1373 sileur dist . mi biauf ill le k͛ mauez
2381 1368 3338 1452 ame ueraic iment tresq a ore. vont
2376 1444 3330 1549 uos prige que uos a emplissiez
2381 1532 3355 1629 mes ꝯmandemenn . Et si creez mci
2372 1620 3359 1717 conseul . et re gehissicz uor pehici
2376 1704 3342 1797 aure seignor et si proiei et fetes
2376 1793 3351 1885 oroisons lums pour lautre que
2372 1881 2834 1956 nos soiez saiie.
2502 1931 3355 2053 hinsint dist li prestres a desu
2502 2053 3347 2149 ehneueui . et audo leuis lirei põoi
2376 2137 3338 2225 biax chiers peres il demandet le feu
2376 2212 3317 2305 pour ar doir lameson et nos toi
2381 2292 3347 2389 ensemble . Li seinz hom li dist bur
2381 2380 3342 2469 fui naiez nul e pour de leur fois
2381 2460 3330 2548 ne de leur flames . car nre sires
2381 2540 3334 2649 est bien poissanz de nos delurer
2376 2628 3347 2725 de cest perill ⁊ pardurable z fusic
2385 2721 3330 2800 vendr a sor euls si con ie croi . s
2385 2784 3334 2893 laseimte sancti ficatiois de dicu
2381 2880 3321 2973 f lorira senr es si con ie croi
2381 2947 3342 3048 et uos qui fust es couplable dela
2385 3035 3321 3132 cou pe. et dumesfer . reueez dre
2389 3115 3326 3208 lasentence dela vemance que
2389 3191 3330 3287 la oulereuse peine ne uos tor
2393 3258 3355 3355 mente . et que la par diurable me
2385 3342 3363 3439 os puist re couire. qant ues sadii
2389 3426 3347 3514 del meffet laue et ei pur gie .l
2389 3493 3347 3607 qant illes ot emsi chastie .⁊en
2397 3577 3334 3695 senigiuez .let fist issir de lacha
2397 3665 3347 3758 bre . et tantost ouurirent il les
2402 3745 3355 3917 huis. de lanie sou esi uile doutlce.
3893 550 4875 709 et ler aiemrs les depiierent er
3893 680 4863 793 ocistrent deuant le semt hoime .
3897 768 4871 877 et li seinz peres qui uerais estrit
3897 848 4875 974 euesꝯaues estoit . se coucha sor le pa
3901 936 4884 1053 uement . et si ꝯmenca ses oroisõ
3888 1020 4850 1125 et ses prueres ml̃t huinbleient
3888 1100 4879 1221 a fere aure seignor . longue cho
3893 1184 4850 1301 se seroit qui tottes ses oroisons
3888 1259 4854 1377 et fes prieres que il fist a mie seigͣn
3888 1343 4871 1457 nos ril conte rolt . oes sanz doutisce
3888 1423 4846 1536 il re quist tel chose que il auoit
3888 1511 4854 1625 de serui a auou . niemtenant.⁊
3888 1591 4829 1696 li cuez anemi qui en lame sou
3884 1667 4863 1788 estoient eutre . ocistrent toz ceule
3880 1759 4850 1885 qui iestoient ⁊ clers et serianz
3888 1851 4846 1969 quili troinierent . il la par fm li
3893 1935 4871 2057 vins de la cruele compaignie estoit
3893 2028 4858 2133 montez desor lame son par sa desue
3880 2099 4837 2212 rie . et qant il regarda de denz
3888 2175 4854 2296 ilurt le seimt enesque ouil gisoit
3897 2254 4846 2376 estenduz alaterre . et lors li lantia
3893 2347 4821 2448 i glainc . si que ille feri par mile
3897 2422 4850 2540 cors tout outre . et la recut il mar
3897 2506 4833 2620 tire entel maniere conuos oez
3893 2582 4829 2704 et li cors dels ent home flu arou
3893 2666 4833 2792 sei de son preceux sanc.si conuos
3893 2750 4837 2880 auez oi et en tendu . et lame de
3893 2834 4816 2952 li en porte rent li angre escieus
3880 2910 4825 3035 et si fu assise ⁊aloee en lor seĩte
3876 2989 4812 3111 onpaigiue . Ou ele ses ioist
3893 3073 4795 3191 vec lesseinz a postres ⁊ les mar
3872 3140 4837 3275 tirs et lesseimz con festors.⁊ les
3872 3224 4787 3346 senites uirges et ne sai qainz
3872 3304 4753 3422 de sa mesniee .qui es cha perent
3880 3380 4800 3506 e cel perill. ⁊de cele occis ion. pri
3863 3464 4800 3581 sirent li cor .si le mis re it en .J.
3863 3535 4821 3665 nef. silen portereut airet . ⁊ puis si
3855 3619 4795 3741 len foirent amfr grant honoz
3851 3695 4808 3829 einz el mostier . Seint pere le pͥnor
3846 3783 4787 3964 esapostres. Et la ne failli nmie ⁊
5102 600 6114 751 nrt siros ne feist poiir lui moint
5098 713 6072 831 bes miracle . ẽt si ꝯ len le meton
5094 802 6114 919 ensa fosse.vne si douce ou deur vint
5085 886 6097 1007 deuers le ciel . que nus quila fust
5085 974 6110 1095 noi ou ques par ler dite le .⁊chant
5081 1053 6097 1179 oi lon les doucrs uoiz des angres
5081 1137 6114 1263 ⁊ a pres lassemblerent toute lagit
5081 1226 6085 1347 de la contree qui mlt grant duel
5085 1310 6068 1423 de menerent . por ce quil auoient
5081 1389 6064 1499 perdu leur bon pere qui tant
5077 1465 6072 1587 doucenment les auoit meintenui
5068 1545 6055 1675 et gar des seint ement. Et bien
5073 1633 6089 1755 sa chiez que aus l a le ndes doctem
5077 1713 6106 1835 bre . recut li seinz euesques mar
5073 1801 6051 1919 tire pr lamor nre seignor il'
5064 1889 6102 2011 cist cou querre.. ⁊ saine en f u
5064 1973 6089 2095 portee . si conne dron fu enla par
5064 2061 6089 2183 duable gloire . auec les semi angres
5064 2141 6039 2267 ou nos it. puissons par venir
5064 2229 6085 2351 par la grace de nrẽ seignor le ꝑe
5060 2309 6018 2427 tout puissant . l ce Dr
5056 2401 6072 2511 qi fne la vie . seint lambert
5081 2473 6013 2582 s iꝯmence lauie monscienor e
5816 2586 6039 2674 aulien
5774 2674 6068 2779 Ne .pdos
5774 2754 6043 2855 ril conte
5778 2834 6055 2918 lavie mõ
5770 2901 6047 3010 seigneur
5766 2985 6047 3098 Cl ilien
5770 3077 6030 3161 que u lai
5761 3145 6051 3254 traus latee.
5757 3237 6030 3325 de latm
5749 3313 6030 3392 en romanz
5022 3321 6030 3472 Et dit quenl quil les coutiroit uois
5026 3439 6018 3552 ters . ia uront ml't grant preu .veus
5018 3514 6022 3636 qulians furent. hiuns martir . et
5031 3602 6018 3716 liautres con fessor .auns euesqi ie
5018 3678 6009 3804 et liauire huste liers. cil ilians li
5022 3770 6009 3884 marurs fu fuilz leconte daniou .
5010 3850 6034 4001 t fu oste li ers . et nama on ques mi
6475 289 6547 466 1
