5782 4182
819 289 1669 404 trep seroit longue chouse a re
819 379 1638 473 traire.mas ie vous dirai un
819 446 1631 543 miraicle qui avũt en bglise
819 522 1652 623 ou il demoroit auec ses freres
819 588 1652 693 en bechleein si come cil le re
819 658 1463 780 content qui i furent.
1000 738 1435 822 N jour auint
996 808 1672 899 que lai ou mes sires.ẽ
777 853 1669 975 eroismes estoit a la licon quen
808 937 1662 1038 lit deuant les freres si come il
812 1007 1679 1101 est encore coustume que.ii grãai
808 1069 1648 1160 ions entril en lencloistre lai
815 1139 1665 1223 ou li frere seoient qus cloichoit
805 1209 1676 1306 a trois piei pour le qualrt quil
805 1275 1658 1383 hauoit melaide. C diant li fre
805 1355 1652 1442 re le virent i⁹ furent ẽspaon
805 1425 1655 1512 te ⁊ pour la paour quil orẽt
801 1488 1662 1582 sen tournerent li plusour en
805 1568 1655 1648 fine. Dainz jeroismes ne le do
805 1641 1613 1714 ti mue sinz ala a lencontre
805 1704 1662 1780 auxi ꝯme se ce fust uns hostez
808 1773 1658 1857 qiu li venist pour herbergierz
801 1840 1613 1923 et li lions li uint devant si li
805 1906 1634 1989 monstra la plaie de son pie ou
798 1975 1658 2052 il hauoit la blereure.⁊ont ape
791 2042 1617 2125 la sainz jeroisines ses freres si
784 2115 1652 2195 lour comanda quil li lavasset
794 2185 1613 2265 le pie mont doucemant ⁊ si
791 2251 1638 2338 quistrent pour quol chouse l
787 2327 1613 2404 clorchoit si troverent que li
787 2397 1641 2474 lions estoit bleciez dun escot
784 2467 1610 2544 si estoit li fuz remes dedanz la
784 2530 1578 2610 plaie. Sainz jeipismes la fist
787 2571 1634 2662 traire ⁊si la seigns ⁊guarz en
780 2652 1631 2732 meisme lore q̃ i kons deguer
777 2711 1638 2801 pi toute la miece de sa feloni
773 2794 1589 2885 e ⁊ si demoril en la maison
777 2864 1658 2958 ausint come une beste douce.
777 2944 1634 3024 uant ce uit gz leroismes
780 3011 1620 3087 si apela ses freres.⁊ si distini
773 3077 1592 3164 aux seignours or esgilrdons
773 3136 1638 3223 quele hueures cist hons noz
770 3216 1641 3397 huentoit foinre aus e ntre seigne.
4241 275 5137 421 le maul que il sue li netorent
4238 407 5112 487 ⁊ pour ce savoiu selmeurent
4234 473 5147 561 aucun des freres si sen aulerẽt
4238 547 5137 634 en la pasture ou li lions soloit
4238 620 5098 710 lasne mener si quistrent du
4234 697 5116 780 ne part ⁊ dautre se il par aue
4238 770 5116 850 ture i trouassent aucune en
4234 843 5084 920 seĩgne ou fucune trace dou
4234 913 5098 993 sanc de lour beste as onq̃s
4234 982 5091 1059 fant ne sovent querre que il
4231 1052 5105 1132 en peussent trouer enseignes
4234 1118 5081 1198 ne nouellesi tout le conterer
4231 1181 5102 1282 eusuit a saint jeroisme quat
4227 1244 5057 1341 il oi ce il parla si diste p᷑ au
4231 1324 5109 1407 frere ie vous pri que vous sof
4231 1390 5133 1477 froiz le domiige de lasne ⁊ si ne
4231 1460 5095 1547 laidaigiez.ne enchauciez cest
4227 1526 5112 1613 kion mas donez li sa vrande te
4231 1596 5112 1679 le come il la sonloit havoirs
4231 1658 5109 1752 si le norrissez quil ne desfaille
4227 1735 5144 1843 q aulez ou bois ⁊tailliez la bu
4224 1808 5105 1895 che si com vous soliez si atelez
4227 1874 5095 1965 le kon en leu de lasne qui la
4227 1944 5109 2035 uous amanr il.Ett enfint le
4224 2007 5109 2115 firent li frere si g sainz jerois
4220 2080 5098 2174 mes le comanda. ⁊ i kous fu
4224 2150 5088 2251 remio a la porte si rot sa gra
4224 2219 5053 2300 ce ⁊ auloit chascun jouir ou
4220 2279 5119 2383 bois o.i. des freres ou oin.eu
4220 2348 5071 2439 semble.⁊ou leu de lasne lour
4220 2425 5109 2530 rapoctoit.⁊ atranoit lour bu
4220 2484 4360 2589 chie
4391 2509 5081 2655 Qsint esploitn par ne
4412 2624 5105 2714 C ͥ sai o bien de temps tlt
4220 2683 5116 2791 que un jour uint que il ot les
4220 2749 5077 2857 sie oeure.idonc sesmuit par
4220 2819 5119 2920 la velonte deu si ꝯie ciut en
4220 2892 5116 3000 core fust il mue beste si sen au
4217 2962 5095 3073 la ou chsmp pour enquerre
4220 3038 5064 3139 fil sauroit a par auanture
4220 3108 5032 3202 noveles de son ꝯpangnon.
4217 3167 5126 3268 Dont cercha par tont les an
4210 3237 5112 3397 oles dou bore ⁊fessez ⁊carm
1822 299 2739 435 fust plaisant .⁊profitable.quar
1819 404 2711 505 si cõme ie croi nre sires qui pois
1815 477 2708 575 sanz estoit de liu guerir ne len
1819 561 2718 641 uoa pad itiit soulem ant por
1815 623 2742 710 la girison de son pie com poinu
1815 693 2735 777 demonstrauce quil nous aidest
1812 766 2767 846 en nre seruise.⁊sont respondirõẽt
1815 832 2718 920 li frere mont humblemant ⁊ si
1812 895 2728 986 distrent q̄ au sire ser tu bien nie
1819 968 2746 1045 asnes qui la buche souloit apor
1819 1038 2742 1118 ter hauroit mestier dune garde
1819 1097 2725 1170 qui a lui fust ententiue quar n
1815 1163 2742 1244 doutons mont que aucune bes
1812 1233 2718 1310 re cruel ne le denore qui nous
1808 1299 2704 1383 en face domaige .Et pour ce sil
1812 1376 2728 1453 te plaist ꝯmande a cest lion qui
1812 1442 2704 1515 preigne garde a cest afne si lou
1812 1505 2732 1585 maint en pasture i⁊ si le giart z
1808 1575 2728 1655 a lauler ⁊ au venr en maisonz
1805 1641 2725 1725 quar cest ce nouo semble la mi
1801 1714 2683 1794 eldre chouse a faire ainsint le
1801 1780 2718 1864 fist.s jeroismes quar il ꝯman
1801 1847 2742 1930 dsl au lion quil gardest lasnc p
1801 1916 2718 1996 grant diligence ⁊ il si fist a giui
1805 1982 2718 2056 se de bon pastour ᷑ en quelcon
1798 2049 2735 2129 ques leu que li asnes gulast en
1801 2118 2728 2192 pasture estoit li lions ensemble
1801 2185 2749 2261 o lui ⁊ si fiut bons deffenderrez
1798 2251 2763 2338 ⁊bons aidierres sil en heust mes
1798 2331 2732 2408 tner os duant li asnes revenoit
1794 2401 2683 2467 eu maison poinu fiaire sueure
1794 2463 2683 2530 quil hauoit aco ustume mont
1794 2509 2749 2592 bien ⁊ li lions avec lui tant au
1798 2585 2735 2666 la ensint ceste chouse que li liõe
1798 2652 2669 2728 remena son asne en pasture.
1767 2711 2760 2801 un iour quil havoitz grant pie
1784 2784 2739 2871 ce cestehueure demenee.⁊ vont
1784 2857 2694 2937 auĩt que grant talant de dor
1784 2923 2708 3024 mir prist au kon quil se cchi
1784 3004 2690 3077 ⁊en dormi mont fermemqlit
1784 3070 2714 3146 si come sa mature li aportoit ⁊
1780 3136 2721 3223 enseignoit.Di come li lions dor
1784 3202 2704 3317 moit en tel maniere.il auint
3188 261 4081 414 aue mercheant passerent par
3188 404 4070 484 illuec qui pour huile acheter
3188 473 4105 561 sen auloient en egnpte quant
3185 533 4109 630 il virent lasne tont soul en pas
3188 616 4046 697 ture. ⁊ senz garde il pristrent
3185 679 4074 770 lasne ⁊ len menerent par felo
3182 752 4060 836 nesse covoitise .lpues ce peit
3182 818 4091 909 dore sesueilla li lions qui ne sa
3182 895 4109 982 uoit mot de son domaige.⁊ lors
3178 968 4067 1052 comancal a querie lasne qui
3178 1083 4088 1118 LE ꝑ e oe
3178 1104 4095 1184 quint il ne lou pot trouer en
3182 1170 4095 1251 la pasture ploins de grant an
3178 1240 4098 1317 goisse. si comancil a auler une
3175 1306 4088 1394 grant piece dou iour amont
3175 1380 4084 1456 E aual ⁊ sus ⁊ ius tout muu
3171 1446 4102 1522 snt pourr ce quil ne pooit tro
3171 1509 4074 1592 ver la beste quil hauoit par
3168 1575 4126 1662 due.Ett quant il uit que trouer
3164 1651 4098 1732 ne la porroit en nule manicir
3161 1718 4133 1805 ⁊ quil en hauoit lesperance per
3161 1784 4112 1885 due : il uint a la porte de lalbaie
3161 1854 4049 1944 senz lasne ⁊ saresti de hors ne
3161 1927 4084 2007 nosa mie entrer dedanz pour
3157 1986 4067 2080 le meffait que fait hauoit si
3157 2059 4070 2146 come il souloit entre quant
3157 2125 4074 2212 il amenoit lasne de la pastu
3154 2195 4081 2279 re i g ⁊uant sainz jeroismes z
3154 2254 4063 2348 li frere de la maison virent le
3154 2321 4074 2418 hyon a la porte de lalbaie ares
3157 2394 4060 2481 fere ⁊sanz lasne ⁊ quil havoit
3154 2453 4091 2554 tant atlrgie quil nestoit reue
3147 2519 4056 2613 nuz a droite hore si come il so
3150 2578 4081 2679 loit:il cuiderent quil heust oc
3147 2645 4095 2749 cis lasne ⁊ maĩgie ⁊ pour ce ne
3147 2714 4084 2815 li voldrent doner tel vnande co
3147 2781 4067 2885 me il li soloient donerzvẽt si li
3143 2847 4074 2958 distrent.vi tan ⁊si maĩgue la
3140 2920 4074 3035 partie de lasne qui test remese
3143 2997 4046 3094 que tu as occis si i smpno til
3147 3056 4081 3171 gloutenie. ⁊ encore deissent il ce
3150 3126 4056 3227 il ne le sauoient mie certgũne
3136 3188 4049 3359 incine:se li lione hauoit fait
