5869 4233
2138 3929 2639 4053 sainz jeroisimes
4287 370 5209 472 al terre.il it illec longuemant
4287 465 5205 539 au oroison.taut que sainz ba
4287 529 5230 610 danz le leua de terre si le besa dõt
4287 610 5201 680 ⁊si li disti peres nous ne deuõs
4287 677 5237 751 mie auoir tistete en uostre ue
4284 744 5173 821 nue ainz nous deuons eleesci
4284 807 5184 892 er. ⁊ conforter daucun bien.si
4284 874 5191 955 uous prions que uous es lees
4280 948 5194 1030 tiez uor cuers dautune parole
4284 1022 5187 1100 de deu.⁊ repessiez uorz ames des
4277 1089 5216 1171 diuers miraicles que bous auez
4280 1164 5156 1238 uenz en merql uant sainz ꝑ
4284 1224 5170 1298 brcndans ot finee sa parole.
4284 1312 5184 1361 csꝑ iale n ueeu cuoizlrr erz
4284 1354 5198 1439 ter dune pͬsle on il auoit este
4280 1428 5170 1509 en la mei doccein⁊ fu tielꝑ
4284 1495 5152 1576 ses contes s uous lorrez ci se
4277 1566 5194 1643 Lonc la uie qui veritable est boirs
4273 1633 5166 1717 est dist sainz barins que.i.miens
4273 1707 5198 1788 aueur qui meruoc estoit uõmez
4266 1774 5170 1851 procireres des poures deu se pꝑ
4266 1848 5170 1926 ti de moi pour estre solitaires
4263 1918 5166 1993 ⁊ ala tant quil uint en une is
4266 1982 5163 2060 le ioste.i.mont qui estoit apelez
4270 2049 5201 2130 lpiflis ⁊ lisle deliciouse. il ꝯuer
4266 2120 5159 2197 sa illec sainteniaut. Lont tens a
4259 2190 5156 2261 pres me fu nontie quil estoit qͥl
4259 2257 5145 2345 estoit abes de plusors mõines.t
4217 2335 5156 2416 r que dee mostroit mains braur
4256 2402 5209 2486 miracles pour lui. ge dois barinᷤ
4252 2479 5141 2560 qui fu ioanz de tex noueles.mes
4252 2550 5272 2635 mui pour ueoir mon fileul. si ome
4249 2613 5163 2691 ie aproichai de cele isle il unt cõ
4252 2691 5156 2765 tre moi.iii. iourz deuant si come
4249 2754 5166 2836 nres sires li auoit demostre ma
4249 2822 5166 2910 uenue.E ndemantres que nous
4252 2892 5198 2977 nagions uers cele is le bne si gnͣt
4249 2959 5177 3044 plante de moies.⁊de freres aco
4249 3033 5149 3111 rut centre nous de par lo dul
4249 3100 5141 3181 ses ciaules come se ce fust es.sarz
4249 3171 5177 3255 des lors habitacions estoit diuer
4245 3245 5152 3425 isi nees leioe comicrs arion esoirt
1789 345 2720 458 si li distront.Cvionto crs no
1796 451 2728 532 neles si issi fors si comanca ourir
1792 522 2731 592 les portes.⁊puis si dist. deschargiez
1796 596 2657 677 uoz hostes des fiais quil portent
1792 666 2738 737 puis lour donez aaaĩgier ⁊ apres
1799 737 2699 804 usgorderons que nrẽ sires mous
1799 807 2717 885 uoidra demoustier qui si serf so
1796 874 2706 959 mes de ceste chonsc faire s a frere
1799 948 2728 1033 firent ce quil comanda ⁊ atorne
1799 1015 2689 1104 rent mont bien les chamois ⁊
1799 1072 2742 1171 aeserent.Li lions comanci aler
1799 1153 2724 1231 mont Liemnt par tout lẽclois
1803 1220 2703 1294 tre delalbaie si se coucha deuint
1799 1273 2728 1365 chascun frere onsint cõuie sil uo
1799 1361 2735 1435 sist dire quil nauoit mie faite la
1803 1432 2671 1502 felonie que li hauoit sus muse
1799 1481 2731 1576 Cuant ce uirent li frere il fuent
1806 1555 2699 1633 lour penance de la crualute dou
1799 1626 2685 1710 blasine dont il lauoient rete a
1803 1700 2703 1777 cort.quar adonc estoient ꝑioux
1803 1760 2759 1848 ⁊ doulz ne ne sauoient mie autre
1810 1841 2742 1918 tant de maul ꝯ il sevent oiesz
1958 1911 2322 1989 frere saivvnt
1965 1971 2505 2056 ieroisine disoient
1803 2024 2738 2127 dou lion veesnre pasteur que nz
1803 2112 2728 2187 damuniongs si cpveliant ose
1803 2179 2738 2271 ce fust uus deuorerres ⁊ nre sires
1806 2243 2752 2331 nous moustre bel miraicle pour
1803 2306 2749 2398 ce quil fust de cest blasme escusez.
1796 2384 2728 2479 Q ainz jeroismes qui biẽ sauoit
1799 2451 2749 2553 ce que auenir estoit de ceste chose.
1806 2532 2731 2620 dist a ses frerescperoilliez uos
1810 2596 2738 2684 que bous aiez uiandes pour celꝰ
1813 2659 2717 2744 gui pendront si quil soient rẽce
1813 2723 2766 2804 Ini lonoraublement si ꝯ lon doit
1810 2783 2720 2878 hostes receuoir.Il fuent ensint
1810 2846 2724 2948 com lour sainz peres lour ꝯiuna
1810 2917 2745 3005 ds.quar il ne trespassoient mie
1810 2994 2745 3079 de legier obedience .c duant tot
1806 3061 2763 3150 ce fust faiz ⁊ atornez uns messai
1810 3132 2742 3227 ges qui lour dist ⁊ anoncil quil
1813 3192 2763 3301 hauoit hostes a la porte qui uoloi
1810 3259 2713 3400 ent coir le pere de la maison
769 306 1669 455 creo⁊ arla tant que l fut met
765 444 1619 525 lassez ⁊quil uint eu.i.haut leu
769 507 1648 596 qui estoit ou ꝯmiũ chemiun.qut
765 592 1672 663 ql fut lai venuz mont trauanllier
769 659 1634 737 ⁊mont angoisseux de la uoie.il
769 733 1662 814 resgarda si loing si come il onq̄s
765 804 1634 881 pot enuiron lui. si uit homes
769 874 1644 945 qui chamois chargiez amenoi
769 948 1655 1019 ent ⁊ deuant toute la route ue
769 1015 1641 1093 noit li asnes ⁊ pour ce quil es
769 1072 1662 1157 toit trop loing pour lui conois
765 1153 1665 1238 tre se nust il a la uoie pour au
765 1227 1662 1298 ler encontre.C oustume est en ce
769 1291 1651 1372 le region que quant mercheat
772 1361 1658 1435 smenent chamois pour aport
772 1428 1690 1506 grant fais de loitisigues contre
769 1495 1634 1576 es quil out un asne qui porte
765 1552 1669 1650 une a son col a quor li chamoil
769 1633 1630 1714 sont kie si se met deuant ⁊li
772 1696 1669 1781 chamoil le siuent tont le pez
691 1774 1637 1862 i uns apres autre senz issir de
772 1837 1676 1929 la uore .Eusint suigoient ade.
776 1908 1679 2000 li chamoil lasne selonc ceste cos
772 1975 1658 2067 tuine .quant li mercheant i
769 2038 1665 2127 rent li lion ⁊il laprorcherent il
772 2116 1651 2201 orent grant paour.Li lons
772 2190 1648 2271 reconuit lafne si comancil a
772 2243 1679 2328 muire mont duremant .⁊lor
772 2317 1665 2395 lour corrut sore. mas l ne hle
769 2388 1655 2476 cal nul ne ne fist mal de lor cors
772 2465 1634 2550 ne greusnce.quar li mierche
772 2532 1683 2620 ant deguerpirent toutes lour
772 2610 1655 2687 chouses si sen foirent.Ii lions
776 2677 1634 2744 muioit ⁊ feroit la ferre de la
772 2740 1637 2811 queliue mont duremant .ILa
776 2804 1637 2878 chamoil qui chargie estoient
776 2871 1641 2948 furent espaonte mout dure
776 2927 1669 3030 m ant q⁊ ors les acueilla li lioõs
772 3008 1665 3093 si les miena deuant lu chaciãt
772 3079 1658 3167 tant quil pindrent o tout las
772 3143 1662 3231 ne a labbaie q duant il uldrẽt
776 3217 1658 3298 a la porte ⁊ li frere les burentz
776 3287 1634 3435 il aulerent a saint ieroisme
3260 843 4129 1234 e e
3444 1220 4136 1301 la uie de mon seignor
3455 1291 4150 1368 saint brandan qui mont
3243 1358 4150 1435 est doutouse a oir a cors ⁊a ame
3243 1428 4164 1506 trouons escrit.⁊il est uoirs quil
3239 1495 4139 1569 fu nez dyllande en une contree.
3239 1562 4129 1643 qui auoit nom staguille ou les
3236 1622 4189 1724 genz habitent qui sont apele muu
3239 1707 4143 1791 menien.pour uue cite qui la si
3236 1774 4129 1844 et qui est aelee mumenie Oil
3232 1830 4167 1922 sainz brandanz fu fili finlochani
3232 1918 4143 1996 es dalchi dou lignaige cogenon
3229 1989 4150 2060 mont laorna der de bones uertuz
3229 2049 4167 2123 quar il ert albes de mont de moĩ
3232 2120 4146 2194 nes come cil qui crr de grant re
3229 2187 4139 2264 ligion ⁊de grant abstinẽtce.on
3222 2254 4132 2338 ques puis quil recut oedre de ps
3229 2324 4136 2409 tre ne monia de car ne de chose
3222 2398 4115 2479 ou il eust esperit de uis pain⁊
3222 2469 4136 2553 fruit ⁊ herbes usort. ne ne ma
3222 2539 4104 2620 ioit gue une foiz en.iin.enn la
3225 2603 4118 2687 semaãine fors le diemorge.tãt
3222 2673 4129 2762 demena sainte ure quil fu abes
3218 2744 4097 2829 dun saint leu qui ert apelez
3218 2814 4118 2892 saut de uertu. l. iour avut que
3215 2885 4132 2956 cel leu bint i. jouu une uespe
3215 2952 4104 3033 alui. i. abes qui ses nies ertz
3215 3023 4118 3104 Gl estoit nomez barnis abes
3215 3093 4129 3157 toune sainte abaie si tost ꝯme
3215 3150 4157 3262 il uit saint brandan son oncle
3215 3224 4118 3396 il omants s plcrer.⁊ mie soi
5329 321 5607 447 1
